%% This BibTeX bibliography file was created using BibDesk.
%% http://bibdesk.sourceforge.net/

%% Created for Julio Deride-Silva at 2017-07-14 15:37:12 -0400 


%% Saved with string encoding Unicode (UTF-8) 



@article{main2,
	Author = {Luis G. Crespo and Daniel P. Giesy and Sean P. Kenny},
	Date-Added = {2017-07-14 19:03:54 +0000},
	Date-Modified = {2017-07-14 19:04:34 +0000},
	Journal = {(preprint)},
	Title = {Random Predictor Models with a Moment Matching Structure}}

@article{Sh17,
	Author = {Sharma, R and Kumar, R and Saini, R and Kapoor, G},
	Date-Added = {2017-07-10 20:07:27 +0000},
	Date-Modified = {2017-07-10 20:07:32 +0000},
	Journal = {arXiv preprint arXiv:1503.03786},
	Title = {Complementary upper bounds for fourth central moment with extensions and applications},
	Year = {2015}}

@article{Sh16,
	Author = {Sharma, R and Devi, S and Kapoor, G and Ram, S and Barnett, NS},
	Date-Added = {2017-07-10 20:05:26 +0000},
	Date-Modified = {2017-07-10 20:05:39 +0000},
	Journal = {Proceeding similarly for},
	Pages = {2},
	Publisher = {Citeseer},
	Title = {A brief note on some bounds connecting lower order moments for random variables defined on a finite interval},
	Volume = {8},
	Year = {2009}}
