%% This BibTeX bibliography file was created using BibDesk.
%% http://bibdesk.sourceforge.net/

%% Created for Julio Alejandro Deride Silva (-EXP) (jaderid) at 2018-04-26 15:11:23 -0600 


%% Saved with string encoding Unicode (UTF-8) 



@article{Cap16systemic,
	Author = {Capponi, Agostino},
	Date-Added = {2018-04-26 21:10:05 +0000},
	Date-Modified = {2018-04-26 21:10:52 +0000},
	Journal = {INFORMS Tutorials in Operations Research: Optimization Challenges in Complex, Networked and Risky Systems},
	Pages = {185--206},
	Title = {Systemic risk, policies, and data needs},
	Year = {2016}}

@article{Mac13alpha,
	Author = {Maccheroni, Fabio and Marinacci, Massimo and Ruffino, Doriana},
	Date-Added = {2018-04-26 21:10:05 +0000},
	Date-Modified = {2018-04-26 21:11:16 +0000},
	Journal = {Econometrica},
	Number = {3},
	Pages = {1075--1113},
	Publisher = {Wiley Online Library},
	Title = {Alpha as Ambiguity: Robust Mean-Variance Portfolio Analysis},
	Volume = {81},
	Year = {2013}}

@article{Gla16contagion,
	Author = {Glasserman, Paul and Young, H Peyton},
	Date-Added = {2018-04-26 21:10:05 +0000},
	Date-Modified = {2018-04-26 21:11:08 +0000},
	Journal = {Journal of Economic Literature},
	Number = {3},
	Pages = {779--831},
	Title = {Contagion in financial networks},
	Volume = {54},
	Year = {2016}}

@article{Che16optimization,
	Author = {Chen, Nan and Liu, Xin and Yao, David D},
	Date-Added = {2018-04-26 21:10:05 +0000},
	Date-Modified = {2018-04-26 21:11:01 +0000},
	Journal = {Operations research},
	Number = {5},
	Pages = {1089--1108},
	Publisher = {INFORMS},
	Title = {An optimization view of financial systemic risk modeling: Network effect and market liquidity effect},
	Volume = {64},
	Year = {2016}}

@article{Wat99networks,
	Author = {Watts, Duncan J},
	Date-Added = {2018-04-26 21:10:05 +0000},
	Date-Modified = {2018-04-26 21:11:23 +0000},
	Journal = {American Journal of sociology},
	Number = {2},
	Pages = {493--527},
	Publisher = {The University of Chicago Press},
	Title = {Networks, dynamics, and the small-world phenomenon},
	Volume = {105},
	Year = {1999}}

@article{Ace16network,
	Author = {Acemoglu, Daron and Malekian, Azarakhsh and Ozdaglar, Asu},
	Date-Added = {2018-04-26 21:10:05 +0000},
	Date-Modified = {2018-04-26 21:10:28 +0000},
	Journal = {Journal of Economic Theory},
	Pages = {536--585},
	Publisher = {Elsevier},
	Title = {Network security and contagion},
	Volume = {166},
	Year = {2016}}

@article{Con16resilience,
	Author = {Amini, Hamed and Cont, Rama and Minca, Andreea},
	Date-Added = {2018-04-26 21:10:05 +0000},
	Date-Modified = {2018-04-26 21:10:41 +0000},
	Journal = {Mathematical finance},
	Number = {2},
	Pages = {329--365},
	Publisher = {Wiley Online Library},
	Title = {Resilience to contagion in financial networks},
	Volume = {26},
	Year = {2016}}
